@inproceedings{dutta:2019,
    author = {Indira Kalyan Dutta and Bhaskar Ghosh and Magdy Bayoumi},
    title = {{Lightweight Cryptography for Internet of Insecure Things: A Survey}},
    booktitle = {{2019 IEEE 9th Annual Computing and Communication Workshop and Conference (CCWC)}},
    year = {2019},
    month = {jan},
    note = {Disponível em: \url{https://doi.org/10.1109/CCWC.2019.8666557}. Acesso em: 25 jun. 2025.}
}

@article{thakor:2020,
    author = {Vishal A. Thakor and M.A. Razzaque and Muhammad R. A. Khandaker},
    title = {{Lightweight Cryptography for IoT: A State-of-the-Art}},
    journal = {Cryptography and Security},
    year = {2020},
    note = {Disponível em: \url{https://doi.org/10.48550/arXiv.2006.13813}. Acesso em: 25 jun. 2025.}
}

@inbook{wurity:2024,
    author = {Anil Wurity and L. Sumalatha},
    title = {{Advances in Cyber Security and Digital Forensics}},
    publisher = {IIP Series},
    volume = {3},
    year = {2024},
    chapter = {{ASCON: A NEW ERA IN LIGHTWEIGHT CRYPTOGRAPHY}},
    note = {Disponível em: \url{https://www.doi.org/10.58532/nbennurch260}. Acesso em: 25 jun. 2025.}
}

@inbook{sembroiz:2018,
    author = {David Sembroiz and Sergio Ricciardi and Davide Careglio},
    title = {{Security and Resilience in Intelligent Data-Centric Systems and Communication Networks}},
    publisher = {Elsevier},
    year = {2018},
    chapter = {{Chapter 10 - A Novel Cloud-Based IoT Architecture for Smart Building Automation}},
    note = {Disponível em: \url{https://doi.org/10.1016/B978-0-12-811373-8.00010-0}. Acesso em: 25 jun. 2025.}
}

@article{aissaoui:2023,
    author = {Ridwane Aissaoui and Jean-Christophe Deneuville and Christophe Guerber and Alain Pirovano},
    title = {{A survey on cryptographic methods to secure communications for UAV traffic management}},
    journal = {Vehicular Communications},
    volume = {44},
    year = {2023},
    note = {Disponível em: \url{https://doi.org/10.1016/j.vehcom.2023.100661}. Acesso em: 25 jun. 2025.}
}

@techreport{iotanalytics:2024,
    author = {Adarsh Krishnan and Anand Taparia and Dimitris Paraskevopoulos and Eugenio Pasqua and Fernando Brügge and Joaquin Fernandez and Justina-Alexandra Sava and Kalpesh Baviskar and Knud Lasse Lueth and Matthieu Kulezak and Mohammad Hasan and Oktay Demir and Philipp Wegner and Raghav Kadian and Rajini Nair and Satyajit Sinha and Sharmila Annaswamy and Yana Myroshnyk},
    title = {{State of IoT Summer 2024}},
    institution = {{IoT Analytics}},
    year = {2024},
    note = {Disponível em: \url{https://iot-analytics.com/product/state-of-iot-summer-2024/}. Acesso em: 25 jun. 2025.}
}
